@manual{man:TC3200,
	title			= "Programmable color light-to-frequency converter datasheet",
	organization	= "TAOS",
	edition			= "1.0",
	year			= "2009",
	month			= "Juli",
}

@manual{man:mega2560Kap17,
	title			= "ATmega 2560 datasheet kapitel 17",
	organization	= "ATMEL",
	edition			= "1.0",
	year			= "2014",
	month			= "Juli",
}

@manual{man:mega2560Kap24,
	title			= "ATmega 2560 datasheet kapitel 24",
	organization	= "ATMEL",
	edition			= "1.0",
	year			= "2014",
	month			= "Juli",
}

@misc{url:SPI,
	author = "SparkFun",
	title = "Serial Peripheral Interface ({SPI})",
	howpublished = "\\ \url{https://learn.sparkfun.com/tutorials/serial-peripheral-interface-spi}",
	note = "",
}
@manual{man:I2C,
	title			= "I2C-bus specification and User Manual ({I2C})",
	organization	= "NXP Semiconductors",
	year			= "2007",
	month			= "Juni",
}

@Appendix{app:ColorSensor,
	title			= "ColorSensor.c",
	author			= "Source Code",
	year			= "2018",
	month			= "Juni",
}


@manual{man:ILI9341,
	title			= "a-Si TFT LCD Single Chip Driver 240RGBx320 Resolution and 262K color",
	organization	= "ILITEX",
	year			= "2011",
	month			= "Juni",
}

@misc{mic:I2CVideo,
  title = {Serial Communications: I2C and SPI},
  howpublished = {\url{https://www.youtube.com/watch?time_continue=1444&v=UUBxxFODyc4}},
  note = {Accessed: 2018-05-28}
}

@manual{man:ITDB02,
	title			= "ITDB02 Arduino MEGA shield 2.0",
	organization	= "ITead Studio",
	year			= "2012",
	month			= "Juni",
}


